@misc{ekmans_atlas,
	title = {The {Ekmans}' {Atlas} of {Emotion}},
	url = {http://atlasofemotions.org/},
	abstract = {The Atlas of Emotion is a tool to help people better understand what emotions are, how they are triggered and what their effects are, and how to become aware of emotions before acting on them.},
	urldate = {2020-03-10},
	journal = {The Ekmans' Atlas of Emotions},
	author = {Ekman, Paul},
	file = {atlasofemotions.org.html},
	note={Acessed on 10/03/2020},
}
@article{hainey2016systematic,
  title={A systematic literature review of games-based learning empirical evidence in primary education},
  author={Hainey, Thomas and Connolly, Thomas M and Boyle, Elizabeth A and Wilson, Amanda and Razak, Aisya},
  journal={Computers \& Education},
  volume={102},
  pages={202--223},
  year={2016},
  publisher={Elsevier}
}


@InProceedings{Hunicke2004,
  Title                    = {{MDA}: {A} formal approach to game design and game research},
  Author                   = {Hunicke, Robin and LeBlanc, Marc and Zubek, Robert},
  Booktitle                = {Proceedings of the {AAAI} {Workshop} on {Challenges} in {Game} {AI}},
  Year                     = {2004},
  Volume                   = {4},

  Shorttitle               = {{MDA}},
  Urldate                  = {2015-12-14}
}


@article{musen_protege_2015,
	title = {The protégé project: a look back and a look forward},
	volume = {1},
	
	number = {4},

	journal = {AI Matters},
	author = {Musen, Mark A.},

	year = {2015},

	pages = {4--12},

}


@misc{what_is_an_otology,
	title = {What is an ontology and why we need it},
	url = {https://perso.liris.cnrs.fr/alain.mille/enseignements/Ecole_Centrale/What%20is%20an%20ontology%20and%20why%20we%20need%20it.htm},
	urldate = {2018-03-16},
	author = {Noy, Natalya and McGuinness, Deborah},
    note = {Acessed in 10/03/2020}
}

@inproceedings{kritz_buildingOntology,
	title={Building an Ontology of Boardgame Mechanics based on the BoardGameGeek Database and the MDA Framework},
  author={Kritz, Joshua and Mangeli, Eduardo and Xex{\'e}o, Geraldo},
  booktitle={XVI Brazilian Symposium on Computer Games and Digital Entertainment, Curitiba},
  pages={182--191},
  year={2017}
}

@article{babb2013comparing,
  title={Comparing video game sales by gaming platform},
  author={Babb, Jeffry and Terry, Neil},
  journal={Southwestern Economic Review},
  volume={40},
  pages={25--46},
  year={2013},
  publisher={West Texas A\&M University, College of Business}
}

@article{bateman_implicit_2015,
	title = {Implicit {Game} {Aesthetics}},
	volume = {10},
	
	language = {en},
	number = {4},
	urldate = {2018-03-18},
	journal = {Games and Culture},
	author = {Bateman, C.},
	month = jul,
	year = {2015},
	keywords = {Lido},
	pages = {389--411},
	file = {Bateman - 2015 - Implicit Game Aesthetics.pdf:C\:\\Users\\Home\\Zotero\\storage\\PXKV4MKS\\Bateman - 2015 - Implicit Game Aesthetics.pdf:application/pdf}
}

@article{ekman_what_scientist_agree_2016,
	title = {What {Scientists} {Who} {Study} {Emotion} {Agree} {About}},
	volume = {11},
	
	language = {en},
	number = {1},
	urldate = {2018-04-22},
	journal = {Perspectives on Psychological Science},
	author = {Ekman, Paul},
	month = jan,
	year = {2016},
	pages = {31--34},
}

@article{ekman_are_basic_emotions_nodate,
  title={Are there basic emotions?},
  author={Ekman, Paul},
  year={1992},
  publisher={American Psychological Association}
}


@book{dillon_way_2010,

	title = {On the way to fun: an emotion-based approach to successful game design},
	
	publisher={CRC Press},
	author = {Dillon, Roberto},
	year = {2010},
	
}

@misc{bggmechanics,
    howpublished={\url{https://boardgamegeek.com/browse/boardgamemechanic}},
    title={BoardGameGeek|Game Mechanics},
    journal={Boardgamegeek.com},
    year={},
    note = {(Accessed on 07/28/2017)},
    author={BoardGameGeek}
}

@book{guizzardi_ontological_2005,
	title = {Ontological foundations for structural conceptual models},
	urldate = {2018-05-13},
	publisher = {University of Twente},
	author = {Guizzardi, Giancarlo},
	year = {2005},
}
 @inproceedings{Zagal:2008:GOP,
    author = {Zagal, Jos{\'e} P. and Bruckman, Amy},
    title = {The Game Ontology Project: Supporting Learning While Contributing Authentically to Game Studies},
    booktitle = {Proceedings of the 8th International Conference on International Conference for the Learning Sciences - Volume 2},
    series = {ICLS'08},
    year = {2008},
    location = {Utrecht, The Netherlands},
    pages = {499--506},
    numpages = {8},
    acmid = {1599933},
    publisher = {International Society of the Learning Sciences},
} 
@misc{wiki:gop,
    author = "gameontology",
    title = "Main Page --- gameontology{,} ",
    year = "2015",
    url = "http://www.gameontology.com/index.php?title=Main_Page&oldid=254",
    note = "[Online; accessed 6-August-2017]"
}

 @article{roman2011owl,
  title={Owl-based modeling of RPG games},
  author={Roman, Monica and Sandu, Ioana and Buraga, Sabin C},
  journal={Studia Universitatis Babes-Bolyai},
  volume={56},
  number={3},
  pages={83},
  year={2011}
}

@inproceedings{dhuric2015specific,
  title={Specific owl-based rpg ontology},
  author={{\DH}uric, Bogdan Okresa and Konecki, Mario},
  booktitle={Central European Conference on Information and Intelligent Systems},
  pages={185},
  year={2015},
  organization={Faculty of Organization and Informatics Varazdin}
}

@misc{manaworld,
   author = {the Mana World},
   title = {the Mana World},
   url = "https://www.themanaworld.org",
   note = "Accessed 6-August-2017]"
 }
@article{innov:gop:mda,
  title={Modelo para avalia{\c{c}}{\~a}o do grau de novidade de jogos digitais},
  author={Calado, F and Leite De Vasconcelos, LA and Neves, A and Narto, F and Guimar{\~a}es, M},
  year={2015},
  publisher={Brazilian Computer Society}
}
@misc{300gm,
   author = {Sean Howard},
   title = {Three Hundred Mechanics},
   year = {2014},
   url = {http://www.squidi.net/three/index.php},
   note = "[Accessed 6-August-2017]"
 }
 
@article{bamparopoulos_towards_2016,
	title = {Towards exergaming commons: composing the exergame ontology for publishing open game data},
	volume = {7},
	shorttitle = {Towards exergaming commons},
	language = {en},
	number = {1},
	urldate = {2018-03-18},
	journal = {Journal of Biomedical Semantics},
	author = {Bamparopoulos, Giorgos and Konstantinidis, Evdokimos and Bratsas, Charalampos and Bamidis, Panagiotis D.},
	year = {2016},
}
@inproceedings{tang_game_2011,
	title = {Game {Content} {Model}: {An} {Ontology} for {Documenting} {Serious} {Game} {Design}},
	shorttitle = {Game {Content} {Model}},
	urldate = {2018-03-18},
	publisher = {IEEE},
	author = {Tang, Stephen and Hanneghan, Martin},
	year = {2011},
	pages = {431--436},
}

@inproceedings{ghannem2011defining,
  title={Defining a game ontology for helping games and learning processes integration},
  author={Ghannem, Afef and Khemaja, Maha},
  booktitle={eLSE Conference,},
  year={2011}
}


@INPROCEEDINGS{leon_z._ontology_2010,
author={A. C. {León Z} and A. {Sánchez L}},
booktitle={2010 Ninth Mexican International Conference on Artificial Intelligence},
title={An Ontology for Mobile Video Games},
year={2010},
pages={154-159},
}


@article{parkkila_ontology_2017,
	title = {An ontology for videogame interoperability},
	volume = {76},
	language = {en},
	number = {4},
	urldate = {2018-03-18},
	journal = {Multimedia Tools and Applications},
	author = {Parkkila, Janne and Radulovic, Filip and Garijo, Daniel and Poveda-Villalón, María and Ikonen, Jouni and Porras, Jari and Gómez-Pérez, Asunción},
	year = {2017},
	pages = {4981--5000},
}

@inproceedings{sacco_game_2017,
	title = {Game {Character} {Ontology} ({GCO}) {A} {Vocabulary} for {Extracting} and {Describing} {Game} {Character} {Information} from {Web} {Content}},
	language = {en},
	publisher = {ACM Press},
	author = {Sacco, Owen and Liapis, Antonios and Yannakakis, Georgios N.},
	year = {2017},
	pages = {9--16},
}

@inproceedings{guizzardi_ontoUML_2004,
  title={An ontologically well-founded profile for UML conceptual models},
  author={Guizzardi, Giancarlo and Wagner, Gerd and Guarino, Nicola and van Sinderen, Marten},
  booktitle={International Conference on Advanced Information Systems Engineering},
  pages={112--126},
  year={2004},
  organization={Springer}
}


@article{guizzardi2015towards,
  title={Towards ontological foundations for conceptual modeling: the unified foundational ontology (UFO) story},
  author={Guizzardi, Giancarlo and Wagner, Gerd and Almeida, Jo{\~a}o Paulo Andrade and Guizzardi, Renata SS},
  journal={Applied ontology},
  volume={10},
  number={3-4},
  pages={259--271},
  year={2015},
  publisher={IOS Press}
}

@book{salen2004rules,
  title={Rules of play: Game design fundamentals},
  author={Salen, Katie and Zimmerman, Eric},
  year={2004},
  publisher={MIT press}
}

@inproceedings{baldeon_learning_2016,
	title = {From learning to game mechanics: {The} design and the analysis of a serious game for computer literacy},

	urldate = {2018-03-13},
	publisher = {IEEE},
	author = {Baldeon, J. and Rodriguez, I. and Puig, A. and Gomez, D. and Grau, S.},
	month = jun,
	year = {2016},
	pages = {1--6},
}

@article{jarvinen2009games,
  title={Games without frontiers},
  author={J{\"a}rvinen, Aki},
  journal={Doctora Dissertation Study for Media Cuture},
  year={2009}
}

@book{bjork_patterns_2005,
	address = {Hingham, Mass},
	edition = {1st ed},
	series = {Charles {River} {Media} game development series},
	title = {Patterns in game design},
	language = {en},
	publisher = {Charles River Media},
	author = {Bjork, Staffan and Holopainen, Jussi},
	year = {2005},
}

@book{schell2014art,
  title={The Art of Game Design: A book of lenses},
  author={Schell, Jesse},
  year={2014},
  publisher={AK Peters/CRC Press}
}

@article{crawford1984art,
  title={The art of computer game design},
  author={Crawford, Chris},
  year={1984},
  publisher={Osborne/McGraw-Hill Berkeley, CA}
}

@book{ortony1990cognitive,
  title={The cognitive structure of emotions},
  author={Ortony, Andrew and Clore, Gerald L and Collins, Allan},
  year={1990},
  publisher={Cambridge university press}
}

@article{leblanc2006tools,
  title={Tools for creating dramatic game dynamics},
  author={LeBlanc, Marc},
  journal={The game design reader: A rules of play anthology},
  pages={438--459},
  year={2006},
  publisher={Cambridge, MA: MIT Press}
}


@article{juul2010game,
  title={The game, the player, the world: Looking for a heart of gameness},
  author={Juul, Jesper},
  journal={PLURAIS-Revista Multidisciplinar},
  volume={1},
  number={2},
  year={2010}
}
@book{wittgenstein_philosophical_2009,
  title={Philosophical investigations},
  author={Wittgenstein, Ludwig},
  year={2009},
  publisher={John Wiley \& Sons}
}


@book{huizinga2014homo,
  title={Homo Ludens Ils 86},
  author={Huizinga, Johan},
  volume={3},
  year={2014},
  publisher={Routledge}
}

@book{guarino1998ontoformal,
  title={Formal ontology in information systems: Proceedings of the first international conference (FOIS'98), June 6-8, Trento, Italy},
  author={Guarino, Nicola},
  volume={46},
  year={1998},
  publisher={IOS press}
}

@article{gruber2009ontology,
  title={Ontology},
  author={Gruber, Tom},
  journal={Encyclopedia of database systems},
  pages={1963--1965},
  year={2009},
  publisher={Springer}
}

@inproceedings{smith2001ontology,
  title={Ontology: Towards a new synthesis},
  author={Smith, Barry and Welty, Christopher},
  booktitle={Formal Ontology in Information Systems},
  volume={10},
  number={3},
  pages={3--9},
  year={2001},
  organization={ACM Press, USA, pp. iii-x}
}
@book{scherer_appraisal_2001,
	title = {Appraisal {Processes} in {Emotion}: {Theory}, {Methods}, {Research}},
	shorttitle = {Appraisal {Processes} in {Emotion}},
	language = {en},
	publisher = {Oxford University Press},
	author = {Scherer, Klaus R. and Schorr, Angela and Johnstone, Tom},
	month = may,
	year = {2001},
}

@incollection{angelides_empirical_2014,
	address = {Hoboken, NJ, USA},
	title = {Empirical {Game} {Aesthetics}},
	language = {en},
	booktitle = {Handbook of {Digital} {Games}},
	publisher = {John Wiley \& Sons, Inc.},
	author = {Bateman, Chris},
	year = {2014},
	pages = {411--443},
}

@book{karpouzis_emotion_2016,
	title = {Emotion in games: theory and praxis},
	shorttitle = {Emotion in games},
	language = {en},
	publisher = {Springer Berlin Heidelberg},
	author = {Karpouzis, Kostas},
	year = {2016},
}

@book{liamputtong_focusgroup_2011,
	title = {Focus {Group} {Methodology}: {Principles} and {Practice}},
	shorttitle = {Focus {Group} {Methodology}},
	urldate = {2018-11-15},
	publisher = {SAGE Publications Ltd},
	author = {Liamputtong, Pranee},
	year = {2011},
}

@article{rabiee_focus-group_2004,
	title = {Focus-group interview and data analysis},
	volume = {63},
	language = {en},
	number = {04},
	urldate = {2018-11-15},
	journal = {Proceedings of the Nutrition Society},
	author = {Rabiee, Fatemeh},
	month = nov,
	year = {2004},
	pages = {655--660},
}

@article{jenny_methodologyfocusgroup_1994,
	title = {The methodology of {Focus} {Groups}: the importance of interaction between research participants},
	language = {en},
    pages={103--121},
	journal={Sociology of health \& illness},
	author = {Jenny Kitzinger},
	year = {1994}
}

@book{malhotra2012pesquisaMarketing,
  title={Pesquisa de marketing: uma orienta{\c{c}}{\~a}o aplicada},
  author={Malhotra, Naresh K},
  year={2012},
  publisher={Bookman Editora}
}

@book{devellis2016scale,
  title={Scale development: Theory and applications},
  author={DeVellis, Robert F},
  volume={26},
  year={2016},
  publisher={Sage publications}
}

@article{ismail2007organizational,
  title={Organizational culture and knowledge sharing: critical success factors},
  author={Ismail Al-Alawi, Adel and Yousif Al-Marzooqi, Nayla and Fraidoon Mohammed, Yasmeen},
  journal={Journal of knowledge management},
  volume={11},
  number={2},
  pages={22--42},
  year={2007},
  publisher={Emerald Group Publishing Limited}
}

@book{engelstein2019building,
  title={Building Blocks of Tabletop Game Design: An Encyclopedia of Mechanisms},
  author={Engelstein, Geoffrey and Shalev, Isaac},
  year={2019},
  publisher={CRC Press}
}

@book{locke1841essay,
  title={An essay concerning human understanding},
  author={Locke, John},
    publisher={Kay \& Troutman},
  year={1841}
}

@InCollection{sep-sortals,
	author       =	{Grandy, Richard E.},
	title        =	{Sortals},
	booktitle    =	{The Stanford Encyclopedia of Philosophy},
	editor       =	{Edward N. Zalta},
	howpublished =	{\url{https://plato.stanford.edu/archives/win2016/entries/sortals/}},
	year         =	{2016},
	edition      =	{Winter 2016},
	publisher    =	{Metaphysics Research Lab, Stanford University}
}